@ARTICLE{bib1,
  author = {Автор1 and Автор2 and Автор3 and Автор4},
  title = {Название статьи},
  journal = {Журнал},
  year = {2012},
  volume = {1},
  pages = {100}
}

@BOOK{bib2,
  title = {Название книги},
  publisher = {Издательство},
  year = {2012},
  editor = {Редактор},
  author = {Автор}
}

@CONFERENCE{bib3,
  author = {Автор},
  title = {название тезисов конференции},
  booktitle = {Название сборника},
  year = {2012},
}

@BOOKLET{bib4,
  title = {Название буклета},
  nite = {Заметки}
}

@ARTICLE{bib5,
  author = {Author1 and Author2 and Author3 and Author4},
  title = {``This is english article''},
  journal = {Journal},
  year = {2012},
  volume = {2},
  pages = {200},
  language = {english}
}

@ARTICLE{bib01,
  author = {Адушкин В.В.},
  title = {Основные факторы воздействия открытых горных работ на окружающую среду},
  journal = {Горный журнал},
  year = {1996},
  volume = {4},
  pages = {49-55}
}

@ARTICLE{bib02,
  author = {Адушкин В.В., Андреев С.Н., Попель С.И.},
  title = {Кавитационный механизм формирования нано- и микрочастиц минералов в рудных месторождениях},
  journal = {Геология руд. месторождений},
  year = {2004},
  volume = {46},
  pages = {363–370}
}


@ARTICLE{bib03,
  author = {Адушкин В.В., Андреев С.Н., Попель С.И.},
  title = {Кавитационный механизм формирования нано- и микрочастиц в недрах Земли},
  journal = {Докл. РАН.},
  year = {2004},
  volume = {399},
  pages = {107–109}
}

@ARTICLE{bib04,
  author = {Адушкин В.В., Андреев С.Н., Попель С.И.},
  title = {Формирование нано- и микросферул минералов в рудных месторождениях в зависимости от глубины залегания вмещающей породы},
  journal = {Геология руд. месторождений},
  year = {2006},
  volume = {Т. 48. № 3.},
  pages = {237–243}
}

@ARTICLE{bib05,
  author = {Адушкин В.В., Андреев С.Н., Попель С.И.},
  title = {Кавитационное выделение нано- и микромасштабных минеральных фракций из полиминеральных микрочастиц},
  journal = {Геология руд. месторождений},
  year = {2007},
  volume = {Т. 49. № 3.},
  pages = {227–234}
}

@ARTICLE{bib06,
  author = {Адушкин В.В., Спивак А.А., Соловьев С.П. и др.},
  title = {Геоэкологические последствия массовых химических взрывов на карьерах},
  journal = {Геоэкология},
  year = {2000},
  volume = {6},
  pages = {554–563}
}


@BOOK{bib07,
  title = {Нано- и микромасштабные частицы в среде обитания // Нано- и микромасштабные частицы в геофизических процессах.},
  publisher = {М.: МФТИ},
  year = {2006},
  editor = {Адушкин В.В., Попель С.И.},
  author = {Беседина Ю.Н., Попель С.И.},
  pages = {19–31}
}


@ARTICLE{bib08,
  author = {Беседина Ю.Н., Попель С.И.},
  title = {Циклонические вихри синоптического масштаба и возможность переноса мелкодисперсных частиц из тропосферы в стратосферу},
  journal = {Докл. РАН.},
  year = {2008},
  volume = {Т. 423. № 5.},
  pages = {680–684}
}


 @ARTICLE{bib09,
   author = {Богатиков О.А.},
   title = {Неорганические наночастицы в природе},
   journal = {Вестник РАН.},
   year = {2003},
   volume = {Т. 73. № 5.},
   pages = {426–428}
 }


 @ARTICLE{bib10,
   author = {Дубовской А.Н., Перник Л.М., Попель С.И.},
   title = {Мелкодисперсные частицы при многократных взрывах},
   journal = {Взрывное дело},
   year = {2008},
   volume = {№ 99/56},
   pages = {265–270}
 }

 
 @CONFERENCE{bib11,
   author = {Ефремов Э.И., Петренко В.Д., Белоконь М.П.},
   title = {Экспериментальные исследования эффективности методов снижения пылегазовых выбросов при массовых взрывах на карьерах},
   booktitle = {Первая междунар. конф. «Буровзрывные работы в строительстве»},
   year = {1992},
   pages = {14–21}
 }

 @ARTICLE{bib12,
   author = {Клумов Б.А., Морфилл Г.Е., Попель С.И.},
   title = {Формирование структур в запыленной ионосфере},
   journal = {ЖЭТФ},
   year = {2005},
   volume = {Т. 127. № 1.},
   pages = {171–185}
 }


@BOOK{bib13,
  title = {Математические модели взрывного дела},
  publisher = {М.: Наука},
  year = {1977},
  author = {Кузнецов В.М.}
}

 @ARTICLE{bib14,
   author = {Новгородова М.И., Гамянин Г.Н., Жданов Ю.Я. и др.},
   title = {Микросферулы алюмосиликатных стекол в золотых рудах},
   journal = {Геохимия},
   year = {2003},
   volume = {1},
   pages = {83–93}
 }


 @ARTICLE{bib15,
   author = {Новгородова  М.И., Андреев С.Н., Самохин А.А., Гамянин Г.Н.},
   title = {Кавитационные эффекты в образовании минеральных микросферул в гидротермальных растворах},
   journal = {Докл. РАН},
   year = {2003},
   volume = {Т.389, №5},
   pages = {669–671}
 }

@BOOK{bib16,
  title = {Основы геомеханики},
  publisher = {М.: Недра},
  year = {1986},
  author = {Родионов В.Н., Сизов И.А., Цветков В.М.}
}


 @ARTICLE{bib17,
   author = {Ghio A.J., Stonehuerner J., Pritchard R.J. et al.},
   title = {Humic-like substances in air pollution particulates correlate with concentrations of transition metals and oxidant generation},
   journal = {Inhal. Toxicol},
   year = {1996},
   volume = {8},
   pages = {479–494}
 }
 

 @BOOK{bib18,
   title = {Nanoparticles and the environment. Reviews in Mineralogy and Geochemistry.},
   publisher = {Mineralogical Society of America, Washington, DC},
   year = {2001},
   editor = {Banfield JF, Navrotsky A}
 }
 
 @ARTICLE{bib19,
   author = {Popel S.I., Gisko A.A.},
   title = { Charged dust and shock phenomena in the Solar system},
   journal = {Nonlinear Processes in Geophysics},
   year = {2006},
   volume = {13},
   pages = {223–229}
 }




